@book{burris1981course,
  title={A Course in Universal Algebra},
  author={Burris, S. and Sankappanavar, H.P.},
  isbn={9783540905783},
  lccn={81001619},
  series={Graduate Texts in Mathematics},
  url={https://books.google.nl/books?id=2grvAAAAMAAJ},
  year={1981},
  publisher={Springer New York}
}

@article{bonatto2021malcev,
title= {Mal'cev classes of left quasigroups and quandles},
author = {Marco Bonatto},
journal={Quasigroups and Related Systems},
volume = {29},
number = {2},
pages = {177-192},
year = {2021}


}

@article{freese2008computing,
  title={Computing congruences efficiently},
  author={Freese, Ralph},
  journal={Algebra universalis},
  volume={59},
  number={3},
  pages={337--343},
  year={2008},
  publisher={Birkh{\"a}user-Verlag}
}

@article{BERGMAN2002591,
title = {Computational complexity of some problems involving congruences on algebras},
journal = {Theoretical Computer Science},
volume = {270},
number = {1},
pages = {591-608},
year = {2002},
issn = {0304-3975},
doi = {https://doi.org/10.1016/S0304-3975(01)00009-3},
url = {https://www.sciencedirect.com/science/article/pii/S0304397501000093},
author = {Clifford Bergman and Giora Slutzki},
keywords = {Congruence, Simple algebra, Nondeterministic log-space, Graph accessibility},

}

@inproceedings{Araujo2022CREAMAP,
  title={CREAM: a Package to Compute [Auto, Endo, Iso, Mono, Epi]-morphisms, Congruences, Divisors and More for Algebras of Type $(2^n,1^n)$},
  author={Joao M. de Ara'ujo and Rui Barradas Pereira and Wolfram Bentz and Choiwah Chow and Jo{\~a}o Henrique Vaz Ramires and Luis Sequeira and Carlos Sousa},
  year={2022}
}

@article{lopes2006finite,
  title={On finite racks and quandles},
  author={Lopes, Pedro and Roseman, Dennis},
  journal={Communications in Algebra{\textregistered}},
  volume={34},
  number={1},
  pages={371--406},
  year={2006},
  publisher={Taylor \& Francis}
}

@article{bianco2021connected,
  title={On connected quandles of prime power order},
  author={Bianco, Giuliano and Bonatto, Marco},
  journal={Beitr{\"a}ge zur Algebra und Geometrie/Contributions to Algebra and Geometry},
  volume={62},
  number={3},
  pages={555--586},
  year={2021},
  publisher={Springer}
}

@article{bonatto2022medial,
  title={Medial and semimedial left quasigroups},
  author={Bonatto, Marco},
  journal={Journal of Algebra and its applications},
  volume={21},
  number={02},
  pages={2250021},
  year={2022},
  publisher={World Scientific}
}

@article{nagy2007loops,
  title={LOOPS: Computing with quasigroups and loops in GAP},
  author={Nagy, G{\'a}bor P and Vojtechovsk{\`y}, Petr},
  journal={Online: http://web. cs. du. edu/petr/loops},
  year={2007}
}

@inproceedings{kauffman2012introduction,
  title={Introduction to virtual knot theory},
  author={Kauffman, Louis H},
  booktitle={Introductory Lectures On Knot Theory: Selected Lectures Presented at the Advanced School and Conference on Knot Theory and Its Applications to Physics and Biology},
  pages={502--541},
  year={2012},
  organization={World Scientific}
}

@article{kauffman2005virtual,
  title={Virtual knot theory--unsolved problems},
  author={Kauffman, LH and Fenn, R and Manturov, VO},
  journal={Fund. Math},
  volume={188},
  pages={293--323},
  year={2005}
}

@book{warner1990modern,
  title={Modern algebra},
  author={Warner, Seth},
  year={1990},
  publisher={Courier Corporation}
}

@article{ho2005matrices,
  title={Matrices and finite quandles},
  author={Ho, Benita and Nelson, Sam},
  journal={Homology, Homotopy and Applications},
  volume={7},
  number={1},
  pages={197--208},
  year={2005},
  publisher={International Press of Boston}
}

@article{bonatto2020principal,
  title={Principal and doubly homogeneous quandles},
  author={Bonatto, Marco},
  journal={Monatshefte f{\"u}r Mathematik},
  volume={191},
  number={4},
  pages={691--717},
  year={2020},
  publisher={Springer}
}

@book{bourbaki2013theory,
  title={Theory of Sets},
  author={Bourbaki, N.},
  isbn={9783642593093},
  lccn={2004110815},
  series={Elements of mathematics},
  url={https://books.google.nl/books?id=7eclBQAAQBAJ},
  year={2013},
  publisher={Springer Berlin Heidelberg}
}

@book{denecke2018universal,
  title={Universal Algebra and Applications in Theoretical Computer Science},
  author={Denecke, K. and Wismath, S.L.},
  isbn={9781482285833},
  url={https://books.google.nl/books?id=2UlZDwAAQBAJ},
  year={2018},
  publisher={CRC Press}
}

@book{hornfeck2019algebra,
  title={Algebra},
  author={Hornfeck, B.},
  isbn={9783111343709},
  series={De Gruyter Lehrbuch},
  url={https://books.google.it/books?id=UBmBDwAAQBAJ},
  year={2019},
  publisher={De Gruyter}
}




@article{BOSMA1997235,
title = {The Magma Algebra System I: The User Language},
journal = {Journal of Symbolic Computation},
volume = {24},
number = {3},
pages = {235-265},
year = {1997},
issn = {0747-7171},
doi = {https://doi.org/10.1006/jsco.1996.0125},
url = {https://www.sciencedirect.com/science/article/pii/S074771719690125X},
author = {Wieb Bosma and John Cannon and Catherine Playoust},
abstract = {In the first of two papers onMAGMA, a new system for computational algebra, we present theMAGMAlanguage, outline the design principles and theoretical background, and indicate its scope and use. Particular attention is given to the constructors for structures, maps, and sets.}
}

@article{BonStanCommTheory2021,
author = {Marco Bonatto and David Stanovsky},
title = {{Commutator theory for racks and quandles}},
volume = {73},
journal = {Journal of the Mathematical Society of Japan},
number = {1},
publisher = {Mathematical Society of Japan},
pages = {41 -- 75},
keywords = {commutator theory, left distributive quasigroups, nilpotence, quandles and racks, solvability},
year = {2021},
doi = {10.2969/jmsj/83168316},
URL = {https://doi.org/10.2969/jmsj/83168316}
}


@article{BONATTO2021128,
title = {Involutive latin solutions of the Yang-Baxter equation},
journal = {Journal of Algebra},
volume = {565},
pages = {128-159},
year = {2021},
issn = {0021-8693},
doi = {https://doi.org/10.1016/j.jalgebra.2020.09.001},
url = {https://www.sciencedirect.com/science/article/pii/S0021869320304397},
author = {Marco Bonatto and Michael Kinyon and David Stanovský and Petr Vojtěchovský},
keywords = {Quantum Yang-Baxter equation, Nondegenerate involutive solution, Involutive latin solution, Cycle set, Affine quasigroup},
}

@article{nelson2005signed,
  title={Signed ordered knotlike quandle presentations},
  author={Nelson, Sam},
  journal={Algebraic \& Geometric Topology},
  volume={5},
  number={2},
  pages={443--462},
  year={2005},
  publisher={Mathematical Sciences Publishers}
}
@article{atkinson,
 ISSN = {00255718, 10886842},
 URL = {http://www.jstor.org/stable/2005304},
 abstract = {An efficient algorithm for finding the blocks of imprimitivity of a group from generating permutations is described and justified.},
 author = {M. D. Atkinson},
 journal = {Mathematics of Computation},
 number = {131},
 pages = {911--913},
 publisher = {American Mathematical Society},
 title = {An Algorithm for Finding the Blocks of a Permutation Group},
 urldate = {2022-06-18},
 volume = {29},
 year = {1975}
}

@article{kauffman1988statistical,
  title={Statistical mechanics and the Jones polynomial},
  author={Kauffman, Louis H},
  year={1988}
}

@book{elhamdadi2015quandles,
  title={Quandles},
  author={Elhamdadi, Mohamed and Nelson, Sam},
  volume={74},
  year={2015},
  publisher={American Mathematical Soc.}
}
@article{bonatto2022connected,
  title={Connected quandles of size pq and 4p},
  author={Bonatto, Marco},
  journal={Osaka Journal of Mathematics},
  volume={59},
  number={1},
  pages={145--175},
  year={2022},
  publisher={Osaka University and Osaka City University, Departments of Mathematics}
}
@article{turaev1990yang,
  title={The Yang-Baxter equation and invariants of links},
  author={Turaev, V},
  journal={New Developments in the Theory of Knots},
  volume={11},
  pages={175},
  year={1990},
  publisher={World Scientific}
}

@article{andruskiewitsch2003racks,
  title={From racks to pointed Hopf algebras},
  author={Andruskiewitsch, Nicol{\'a}s and Grana, Mat{\i}as},
  journal={Advances in Mathematics},
  volume={178},
  number={2},
  pages={177--243},
  year={2003},
  publisher={Elsevier}
}

@article{wu1993yang,
  title={The Yang-Baxter equation in knot theory},
  author={Wu, F. Y.},
  journal={International Journal of Modern Physics B},
  volume={7},
  number={20n21},
  pages={3737--3750},
  year={1993},
  publisher={World Scientific}
}

@article{jones1989knot,
author = {V. F. R. Jones},
title = {{On knot invariants related to some statistical mechanical models.}},
volume = {137},
journal = {Pacific Journal of Mathematics},
number = {2},
publisher = {Pacific Journal of Mathematics, A Non-profit Corporation},
pages = {311 -- 334},
year = {1989},
doi = {pjm/1102650387},
URL = {https://doi.org/}
}


@article{ETINGOF2001709,
title = {Indecomposable Set-Theoretical Solutions to the Quantum Yang–Baxter Equation on a Set with a Prime Number of Elements},
journal = {Journal of Algebra},
volume = {242},
number = {2},
pages = {709-719},
year = {2001},
issn = {0021-8693},
doi = {https://doi.org/10.1006/jabr.2001.8842},
url = {https://www.sciencedirect.com/science/article/pii/S0021869301988428},
author = {Pavel Etingof and Alexander Soloviev and Robert Guralnick}
}


@article{hulpke2016connected,
  title={Connected quandles and transitive groups},
  author={Hulpke, Alexander and Stanovsk{\`y}, David and Vojt{\v{e}}chovsk{\`y}, Petr},
  journal={Journal of Pure and Applied Algebra},
  volume={220},
  number={2},
  pages={735--758},
  year={2016},
  publisher={Elsevier}
}

@article{nelson2008polynomial,
  title={A polynomial invariant of finite quandles},
  author={Nelson, Sam},
  journal={Journal of Algebra and Its Applications},
  volume={7},
  number={02},
  pages={263--273},
  year={2008},
  publisher={World Scientific}
}

@book{borwein2004experimentation,
  title={Experimentation in mathematics: Computational paths to discovery},
  author={Borwein, Jonathan M and Bailey, David H and Girgensohn, Roland},
  year={2004},
  publisher={AK Peters/CRC Press}
}

@inproceedings{schonert1994finding,
  title={Finding blocks of imprimitivity in small-base groups in nearly linear time},
  author={Sch{\"o}nert, Martin and Seress, {\'A}kos},
  booktitle={Proceedings of the international symposium on Symbolic and algebraic computation},
  pages={154--157},
  year={1994}
}

@book{seress_2003, 
place={Cambridge}, 
series={Cambridge Tracts in Mathematics}, 
title={Permutation Group Algorithms}, 
DOI={10.1017/CBO9780511546549}, 
publisher={Cambridge University Press}, 
author={Seress, Ákos}, 
year={2003}, 
collection={Cambridge Tracts in Mathematics}
}
@phdthesis{lie2algebras,
author = { Alissa S. Crans },
year = {2004},
title = {Lie 2-algebras},
journal ={ProQuest Dissertations and Theses},
keywords ={Pure sciences; Lie algebras; Quandles; Vector spaces; Mathematics; 0405:Mathematics},
isbn ={978-0-496-88998-3},
language ={English},
url ={https://ru.idm.oclc.org/login?url=https://www.proquest.com/dissertations-theses/lie-2-algebras/docview/305198326/se-2?accountid=11795},
}

@book{holt2005handbook,
  title={Handbook of computational group theory},
  author={Holt, Derek F. and Eick, Bettina and O'Brien, Eamonn A.},
  year={2005},
  publisher={Chapman and Hall/CRC}
}

@phdthesis{phdStanov,
author = { David Stanovský},
year = { 2004 },
title = { Left Distributive Left Quasigroups },
language = { English },
school = { Charles University },
address = {  Prague },
url = { http://www.karlin.mff.cuni.cz/ ̃stanovsk/math/disert.pdf }

}


@article{adams2020knot,
  title={Knot theory for proteins: Gauss codes, quandles and bondles},
  author={Adams, Colin and Devadoss, Judah and Elhamdadi, Mohamed and Mashaghi, Alireza},
  journal={Journal of Mathematical Chemistry},
  volume={58},
  number={8},
  pages={1711--1736},
  year={2020},
  publisher={Springer}
}

@article{JOYCE198237,
title = {A classifying invariant of knots, the knot quandle},
journal = {Journal of Pure and Applied Algebra},
volume = {23},
number = {1},
pages = {37-65},
year = {1982},
issn = {0022-4049},
doi = {https://doi.org/10.1016/0022-4049(82)90077-9},
url = {https://www.sciencedirect.com/science/article/pii/0022404982900779},
author = {David Joyce}
}

@article{SergeiMatveevDisGrou,
title = {Distributive groupoids in knot theory},
journal = {Matematicheskiĭ Sbornik. Novaya Seriya},
author = {Sergei V. Matveev},
volume = {119},
number = {1},
pages = {78-88},
year = {1982},
issn = {03688666}
}

@software{RiGapVendramin,
title = {Rig, a GAP package for racks, quandles and Nichols algebras.},
author = {Leandro Vendramin},
url = {https://github.com/gap-packages/rig/}
}

@article{GAPLinton,
author = {Linton, Steve},
title = {GAP: Groups, Algorithms, Programming},
year = {2007},
issue_date = {September 2007 issue 161},
publisher = {Association for Computing Machinery},
address = {New York, NY, USA},
volume = {41},
number = {3},
issn = {1932-2240},
url = {https://doi-org.ru.idm.oclc.org/10.1145/1358190.1358201},
doi = {10.1145/1358190.1358201},
journal = {ACM Commun. Comput. Algebra},
month = {sep},
pages = {108–109},
numpages = {2}
}

}

@book{freese1987commutator,
  title={Commutator theory for congruence modular varieties},
  author={Freese, Ralph and McKenzie, Ralph and others},
  volume={125},
  year={1987},
  publisher={CUP Archive}
}

@article{smith1976varieties,
  title={Malʹcev varieties.},
  author={Smith, Jonathan D. H.},
  journal={Lecture Notes in Mathematics},
  volume={554},
  year={1976},
  publisher={Springer-Verlag}
}